@article{fisman2014private,
  title={The private returns to public office},
  author={Fisman, Raymond and Schulz, Florian and Vig, Vikrant},
  journal={Journal of Political Economy},
  volume={122},
  number={4},
  pages={806--862},
  year={2014},
  publisher={University of Chicago Press Chicago, IL}
}

@article{lee2008randomized,
  title={Randomized experiments from non-random selection in US House elections},
  author={Lee, David S},
  journal={Journal of Econometrics},
  volume={142},
  number={2},
  pages={675--697},
  year={2008},
  publisher={Elsevier}
}

@book{de1999van,
  title={Van standspolitiek naar partijloyaliteit: verkiezingen voor de Tweede Kamer 1848-1887},
  author={De Jong, Ron},
  year={1999},
  publisher={Uitgeverij Verloren}
}

@book{blok1987stemmen,
  title={Stemmen en kiezen: het kiesstelsel in Nederland in de periode 1814-1850},
  author={Blok, Lodewijk},
  volume={47},
  year={1987},
  publisher={Wolters-Noordhoff/Forsten}
}

@article{huizinga1979een,
  title={Een gebroken spiegel. Zeventig jaar districtenstelsel (1848--1917)},
  author={Huizinga, JJ},
  journal={Tijdschrift voor geschiedenis},
  volume={92},
  pages={426--437},
  year={1979}
}

@article{besley2005political,
  title={Political selection},
  author={Besley, Timothy},
  journal={Journal of Economic Perspectives},
  volume={19},
  number={3},
  pages={43--60},
  year={2005}
}

@book{elzinga1985financiele,
  title={De financi{\"e}le positie van de leden der Staten-Generaal},
  author={Elzinga, Douwe Jan},
  year={1985},
  publisher={Wolters-Noordhoff}
}

@article{van1983lonen,
  title={Lonen en arbeidsmarkt in Amsterdam, 1800-1865},
  author={van Zanden, Jan Luiten},
  journal={Tijdschrift voor sociale geschiedenis},
  volume={9},
  pages={1--27},
  year={1983},
  publisher={Nederlandse Vereniging tot Beoefening van de Sociale Geschiedenis}
}

@phdthesis{van2018trials,
  title={Trials of Convergence: Prices, markets and industrialization in the Netherlands, 1800-1913},
  author={van Riel, Arthur},
  year={2018},
  school={Utrecht University}
}

@article{mccrary2008manipulation,
  title={Manipulation of the running variable in the regression discontinuity design: A density test},
  author={McCrary, Justin},
  journal={Journal of econometrics},
  volume={142},
  number={2},
  pages={698--714},
  year={2008},
  publisher={Elsevier}
}

@article{lee2010regression,
  title={Regression discontinuity designs in economics},
  author={Lee, David S and Lemieux, Thomas},
  journal={Journal of economic literature},
  volume={48},
  number={2},
  pages={281--355},
  year={2010}
}

@techreport{thompson2019becomes,
  title={Who becomes a member of congress? evidence from de-anonymized census data},
  author={Thompson, Daniel M and Feigenbaum, James J and Hall, Andrew B and Yoder, Jesse},
  year={2019},
  institution={National Bureau of Economic Research}
}

@book{van2018tussen,
  title={Tussen geschiktheid en grondrecht: de ontwikkeling van het Nederlandse kiesrecht vanaf 1795},
  author={van der Kolk, Henk and van Schie, Patrick and de Beaufort, Fleur and van den Berg, Peter and de Jong, Ron},
  year={2018},
  publisher={Amsterdam University Press}
}
